

@BOOK{
  OMG-CORBA-1,
  TITLE="The Common Object Request Broker: Architecture \& Specification",
  EDITOR="Object Management Group",
  PUBLISHER="OMG",
  YEAR="1999",
  NOTE="formal/99-10-07" 
}

@BOOK{
  OMG-CORBA-OBV,
  TITLE="CORBA 3.0 - Valuetype Semantics",
  EDITOR="Object Management Group",
  PUBLISHER="OMG",
  YEAR="2002",
  NOTE="formal/02-06-09" 
}


@INBOOK{
  OMG-COS-OTS,
  TITLE="Common Object Services Specification",
  EDITOR="Object Management Group",
  PUBLISHER="OMG",
  CHAPTER="Transaction Service",
  YEAR="2000",
  NOTE="formal/2000-06-28" 
}

@INBOOK{
  OMG-COS-Naming,
  TITLE="Common Object Services Specification",
  EDITOR="Object Management Group",
  PUBLISHER="OMG",
  CHAPTER="3. Naming",
  YEAR="1997",
  NOTE="formal/97-12-10" 
}

@INBOOK{
  OMG-COS-Query,
  TITLE="Common Object Services Specification",
  EDITOR="Object Management Group",
  PUBLISHER="OMG",
  CHAPTER="14. Query",
  YEAR="2000",
  NOTE="formal/2000-06-23" 
}

@MANUAL{
  OOC-OB-4.0,
  TITLE="ORBacus for C++ and Java",
  ORGANIZATION="Object Oriented Concepts, inc"
}

@MANUAL{
  UAKGQuery-API,
  TITLE="UAKGQuery API reference",
  ORGANIZATION="GradSoft"
}

@ARTICLE{
  rssh-1,
  TITLE="Analysis of methods of creating effecient distributed applications, based on CORBA standarts.",
  JOURNAL="Processing of UKRPROG-2000",
  ORGANIZATION="Institute Of Software Systems",
  AUTHOR="Ruslan Shevchenko",
  YEAR=2000
}

@ARTICLE{
  rssh-2,
  TITLE="Techniques to uncreasing Performance of CORBA Parallel Distributed Applications",
  JOURNAL="Processing of PACT-2001. ",
  ORGANIZATION="GradSoft and Institute Of Software Systems by National Academy of Science",
  AUTHOR="Ruslan Shevchenko, Anatoliy Doroshenko",
  NOTE="in process",
  YEAR=2001
}

@BOOK{
  Adv-CORBA-Programming,
  AUTHOR="Michi Henning and Steve Vinoski",
  TITLE="Advanced CORBA Programming with C++",
  PUBLISHER="Addison-Wesley",
  YEAR=1999,
  NOTE="ISBN 0201379279"
}

@MANUAL {
  XOPEN-XA,
  TITLE="X/Open CAE specification - Distributed Transactions Processing",
  ORGANIZATION="X/Open",
  NOTE="ISBN 1-872630-24-3"
}

